<record><leader>00000cas a2200000 a 4500</leader><controlfield tag="001">7042061</controlfield><controlfield tag="008">801231d19802013njuwr ne      0   a0eng c</controlfield><datafield ind1=" " ind2=" " tag="010"><subfield code="a">sc 82006109 </subfield><subfield code="z">sn 80003248 </subfield></datafield><datafield ind1=" " ind2=" " tag="040"><subfield code="a">NSD</subfield><subfield code="b">eng</subfield><subfield code="c">NSD</subfield><subfield code="d">IUL</subfield><subfield code="d">DLC</subfield><subfield code="d">NPW</subfield><subfield code="d">NST</subfield><subfield code="d">NPW</subfield><subfield code="d">DLC</subfield><subfield code="d">OCL</subfield><subfield code="d">CLU</subfield><subfield code="d">CRL</subfield><subfield code="d">NJW</subfield><subfield code="d">NST</subfield><subfield code="d">YOX</subfield><subfield code="d">WAU</subfield><subfield code="d">NVF</subfield><subfield code="d">CUS</subfield><subfield code="d">CRL</subfield><subfield code="d">OCLCQ</subfield><subfield code="d">CRL</subfield><subfield code="d">IUL</subfield><subfield code="d">OCLCF</subfield><subfield code="d">OCLCA</subfield></datafield><datafield ind1=" " ind2=" " tag="012"><subfield code="a">2</subfield><subfield code="i">8405</subfield><subfield code="m">1</subfield></datafield><datafield ind1="0" ind2=" " tag="022"><subfield code="a">0273-9348</subfield><subfield code="l">0273-9348</subfield><subfield code="2">1</subfield></datafield><datafield ind1="1" ind2=" " tag="029"><subfield code="a">AU@</subfield><subfield code="b">000020263925</subfield></datafield><datafield ind1="1" ind2=" " tag="029"><subfield code="a">ZWZ</subfield><subfield code="b">110647467</subfield></datafield><datafield ind1=" " ind2=" " tag="032"><subfield code="a">570870</subfield><subfield code="b">USPS</subfield></datafield><datafield ind1=" " ind2=" " tag="037"><subfield code="b">Ukrainian National Association, Inc., 30 Montgomery St., Jersey City, N.J. 07302</subfield></datafield><datafield ind1=" " ind2=" " tag="042"><subfield code="a">nsdp</subfield><subfield code="a">pcc</subfield></datafield><datafield ind1=" " ind2=" " tag="043"><subfield code="a">n-us---</subfield></datafield><datafield ind1=" " ind2="4" tag="050"><subfield code="a">E184.U5</subfield><subfield code="b">U45</subfield></datafield><datafield ind1=" " ind2="4" tag="082"><subfield code="a">071</subfield></datafield><datafield ind1=" " ind2="4" tag="222"><subfield code="a">The Ukrainian weekly</subfield></datafield><datafield ind1="0" ind2="4" tag="245"><subfield code="a">The Ukrainian weekly.</subfield></datafield><datafield ind1=" " ind2=" " tag="260"><subfield code="a">Jersey City, N.J. :</subfield><subfield code="b">Ukrainian National Association,</subfield><subfield code="c">1980-</subfield></datafield><datafield ind1=" " ind2=" " tag="300"><subfield code="a">v.</subfield></datafield><datafield ind1=" " ind2=" " tag="310"><subfield code="a">Weekly</subfield></datafield><datafield ind1="0" ind2=" " tag="362"><subfield code="a">Vol. 87, no. 1 (June 1, 1980)-v. 88, no. 52 (Dec. 27, 1981) ; v. 50, no. 1 (Jan. 3, 1982)-</subfield></datafield><datafield ind1="1" ind2=" " tag="362"><subfield code="a">Ceased in print with v. 81, no. 16 (Apr. 21, 2013)</subfield></datafield><datafield ind1=" " ind2=" " tag="500"><subfield code="a">Published in: Parsippany, N.J., Oct. 12, 1997-</subfield></datafield><datafield ind1=" " ind2=" " tag="530"><subfield code="a">Available on microfilm from the Library of Congress Photoduplication Service.</subfield></datafield><datafield ind1=" " ind2=" " tag="530"><subfield code="a">Also available by subscription via the World Wide Web.</subfield></datafield><datafield ind1=" " ind2=" " tag="588"><subfield code="a">Latest issue consulted: Vol. 65, no. 12 (Mar. 23, 1997).</subfield></datafield><datafield ind1=" " ind2="0" tag="650"><subfield code="a">Ukrainians</subfield><subfield code="z">United States</subfield><subfield code="v">Newspapers.</subfield></datafield><datafield ind1=" " ind2="0" tag="650"><subfield code="a">Ukrainian Americans</subfield><subfield code="v">Newspapers.</subfield></datafield><datafield ind1=" " ind2="0" tag="651"><subfield code="a">Jersey City (N.J.)</subfield><subfield code="v">Newspapers.</subfield></datafield><datafield ind1=" " ind2="7" tag="655"><subfield code="a">Newspapers.</subfield><subfield code="2">fast</subfield><subfield code="0">(OCoLC)fst01423814</subfield></datafield><datafield ind1=" " ind2="7" tag="650"><subfield code="a">Ukrainian Americans.</subfield><subfield code="2">fast</subfield><subfield code="0">(OCoLC)fst01160424</subfield></datafield><datafield ind1=" " ind2="7" tag="650"><subfield code="a">Ukrainians.</subfield><subfield code="2">fast</subfield><subfield code="0">(OCoLC)fst01160566</subfield></datafield><datafield ind1=" " ind2="7" tag="651"><subfield code="a">New Jersey</subfield><subfield code="z">Jersey City.</subfield><subfield code="2">fast</subfield><subfield code="0">(OCoLC)fst01207670</subfield></datafield><datafield ind1=" " ind2="7" tag="651"><subfield code="a">United States.</subfield><subfield code="2">fast</subfield><subfield code="0">(OCoLC)fst01204155</subfield></datafield><datafield ind1="2" ind2=" " tag="710"><subfield code="a">Ukrainian National Association.</subfield></datafield><datafield ind1=" " ind2=" " tag="752"><subfield code="a">United States</subfield><subfield code="b">New Jersey</subfield><subfield code="c">Morris</subfield><subfield code="d">Parsippany-Troy Hills.</subfield></datafield><datafield ind1=" " ind2=" " tag="752"><subfield code="a">United States</subfield><subfield code="b">New Jersey</subfield><subfield code="c">Hudson</subfield><subfield code="d">Jersey City.</subfield></datafield><datafield ind1="0" ind2=" " tag="775"><subfield code="t">Svoboda (Jersey City, N.J.)</subfield><subfield code="w">(DLC)sn 80012518</subfield><subfield code="w">(OCoLC)1766932</subfield></datafield><datafield ind1="0" ind2="7" tag="780"><subfield code="t">Svoboda (Jersey City, N.J.)</subfield><subfield code="w">(DLC)sn 80012518</subfield><subfield code="w">(OCoLC)1766932</subfield></datafield><datafield ind1=" " ind2=" " tag="850"><subfield code="a">ICRL</subfield><subfield code="a">InU</subfield><subfield code="a">NN</subfield><subfield code="a">PPiU</subfield><subfield code="a">WaU</subfield></datafield><datafield ind1="4" ind2="1" tag="856"><subfield code="u">http://www.softlineweb.com/softlineweb/ethnic.htm</subfield></datafield></record>